<?xml version="1.0" encoding="UTF-8"?><collection xmlns="http://www.loc.gov/MARC21/slim"><record><leader>00551nam--2200205-u-4500</leader><controlfield tag="001">000053440</controlfield><controlfield tag="002">20161230</controlfield><controlfield tag="005">20161230201051</controlfield><controlfield tag="008">110405s1000------------r-----000-0-eng-d</controlfield><datafield ind1=" " ind2=" " tag="020"><subfield code="a">0521543428</subfield></datafield><datafield ind1=" " ind2=" " tag="040"><subfield code="a">IFIN-HH</subfield></datafield><datafield ind1=" " ind2=" " tag="080"><subfield code="a">(544.22:536.75):531.19</subfield></datafield><datafield ind1="1" ind2=" " tag="100"><subfield code="a">Allnatt, A.R</subfield></datafield><datafield ind1="1" ind2="0" tag="245"><subfield code="a">Atomic trasnport in solids</subfield><subfield code="c">A.r. allnatt; a.b. lidiard</subfield></datafield><datafield ind1=" " ind2=" " tag="260"><subfield code="a">Cambridge</subfield><subfield code="b">Cambridge University Press</subfield><subfield code="c">1993</subfield></datafield><datafield ind1=" " ind2=" " tag="300"><subfield code="a">572P</subfield></datafield><datafield ind1=" " ind2="4" tag="650"><subfield code="a">Crystal Lattices</subfield></datafield><datafield ind1="1" ind2=" " tag="700"><subfield code="a">Lidiard, A.B</subfield></datafield><datafield ind1=" " ind2=" " tag="852"><subfield code="a">81993</subfield><subfield code="c">530.161</subfield></datafield><datafield ind1=" " ind2=" " tag="CAT"><subfield code="a">Sys</subfield><subfield code="c">20110405</subfield><subfield code="h">103223</subfield></datafield></record></collection>